
@article{van_renesse_paxos_2011,
	title = {Paxos made moderately complex},
	url = {http://www.cs.cornell.edu/courses/CS6452/2012sp/papers/paxos-complex.pdf},
	urldate = {2013-11-29},
	journal = {Cited on},
	author = {Van Renesse, Robbert},
	year = {2011},
	file = {paxos.pdf:/Users/druzac/Library/Application Support/Zotero/Profiles/46hq1eus.default/zotero/storage/ZX5XA4EI/paxos.pdf:application/pdf}
},

@inproceedings{chandra_paxos_2007,
	title = {Paxos made live-an engineering perspective (2006 invited talk)},
	volume = {7},
	url = {http://ece842.com/S13/readings/chandra2007.pdf},
	urldate = {2013-11-29},
	booktitle = {Proceedings of the 26th {ACM} Symposium on Principles of Distributed Computing-{PODC}},
	author = {Chandra, Tushar and Griesemer, Robert and Redstone, Joshua},
	year = {2007},
	file = {paper2-1.pdf:/Users/druzac/Library/Application Support/Zotero/Profiles/46hq1eus.default/zotero/storage/2QPD6HHX/paper2-1.pdf:application/pdf}
},

@inproceedings{burrows_chubby_2006,
	title = {The Chubby lock service for loosely-coupled distributed systems},
	url = {http://dl.acm.org/citation.cfm?id=1298487},
	urldate = {2013-12-11},
	booktitle = {Proceedings of the 7th symposium on Operating systems design and implementation},
	author = {Burrows, Mike},
	year = {2006},
	pages = {335–350},
	file = {p335-burrows.pdf:/Users/druzac/Library/Application Support/Zotero/Profiles/46hq1eus.default/zotero/storage/QUVM5AZG/p335-burrows.pdf:application/pdf}
},

@article{lamport_part-time_1998,
	title = {The part-time parliament},
	volume = {16},
	url = {http://dl.acm.org/citation.cfm?id=279229},
	number = {2},
	urldate = {2013-11-07},
	journal = {{ACM} Transactions on Computer Systems {(TOCS)}},
	author = {Lamport, Leslie},
	year = {1998},
	pages = {13-169},
	file = {p133-lamport.pdf:/Users/druzac/Library/Application Support/Zotero/Profiles/46hq1eus.default/zotero/storage/M32V7QJG/p133-lamport.pdf:application/pdf}
},

@article{lamport_paxos_2001,
	title = {Paxos made simple},
	volume = {32},
	url = {http://www.cs.utexas.edu/users/lorenzo/corsi/cs380d/past/03F/notes/paxos-simple.pdf},
	number = {4},
	urldate = {2013-11-07},
	journal = {{ACM} Sigact News},
	author = {Lamport, Leslie},
	year = {2001},
	pages = {18-25},
	file = {paxos-simple.pdf:/Users/druzac/Library/Application Support/Zotero/Profiles/46hq1eus.default/zotero/storage/BU8P4GC7/paxos-simple.pdf:application/pdf}
},

@article{lamport_time_1978,
	title = {Time, clocks, and the ordering of events in a distributed system},
	volume = {21},
	url = {http://dl.acm.org/citation.cfm?id=359563},
	number = {7},
	urldate = {2013-11-08},
	journal = {Communications of the {ACM}},
	author = {Lamport, Leslie},
	year = {1978},
	pages = {558–565},
	file = {p558-lamport.pdf:/Users/druzac/Library/Application Support/Zotero/Profiles/46hq1eus.default/zotero/storage/QAI32GK2/p558-lamport.pdf:application/pdf}
},

@article{fischer_impossibility_1985,
	title = {Impossibility of distributed consensus with one faulty process},
	volume = {32},
	url = {http://dl.acm.org/citation.cfm?id=214121},
	number = {2},
	urldate = {2013-11-13},
	journal = {Journal of the {ACM} ({JACM)}},
	author = {Fischer, Michael J. and Lynch, Nancy A. and Paterson, Michael S.},
	year = {1985},
	pages = {374–382},
	file = {p374-fischer.pdf:/Users/druzac/Library/Application Support/Zotero/Profiles/46hq1eus.default/zotero/storage/AHKP4DII/p374-fischer.pdf:application/pdf}
},

@inproceedings{lampson_abcds_2001,
	title = {The {ABCD's} of Paxos},
	volume = {1},
	url = {http://condor.depaul.edu/dmumaugh/readings/handouts/SE435/Lampson-PAXOS-ABCDs-PDCS-2001.pdf},
	urldate = {2013-11-13},
	booktitle = {{PODC}},
	author = {Lampson, Butler},
	year = {2001},
	pages = {13},
	file = {Acrobat.pdf:/Users/druzac/Library/Application Support/Zotero/Profiles/46hq1eus.default/zotero/storage/4XK9S62W/Acrobat.pdf:application/pdf}
},

@inproceedings{hunt_zookeeper:_2010,
	title = {{ZooKeeper:} wait-free coordination for internet-scale systems},
	volume = {8},
	shorttitle = {{ZooKeeper}},
	url = {http://www.usenix.org/event/usenix10/tech/full_papers/Hunt.pdf},
	urldate = {2013-11-13},
	booktitle = {Proceedings of the 2010 {USENIX} conference on {USENIX} annual technical conference},
	author = {Hunt, Patrick and Konar, Mahadev and Junqueira, Flavio P. and Reed, Benjamin},
	year = {2010},
	pages = {11–11},
	file = {Hunt.pdf:/Users/druzac/Library/Application Support/Zotero/Profiles/46hq1eus.default/zotero/storage/W8V8FZAS/Hunt.pdf:application/pdf}
},

@inproceedings{thekkath_frangipani:_1997,
	title = {Frangipani: A scalable distributed file system},
	volume = {31},
	shorttitle = {Frangipani},
	url = {http://dl.acm.org/citation.cfm?id=266694},
	urldate = {2013-10-21},
	booktitle = {{ACM} {SIGOPS} Operating Systems Review},
	author = {Thekkath, Chandramohan A. and Mann, Timothy and Lee, Edward K.},
	year = {1997},
	pages = {224-237},
	file = {p224-thekkath.pdf:/Users/druzac/Library/Application Support/Zotero/Profiles/46hq1eus.default/zotero/storage/RK3AKBI8/p224-thekkath.pdf:application/pdf}
},

@inproceedings{lee_petal:_1996,
	title = {Petal: Distributed virtual disks},
	volume = {30},
	shorttitle = {Petal},
	url = {http://dl.acm.org/citation.cfm?id=237157},
	urldate = {2013-10-21},
	booktitle = {{ACM} {SIGOPS} Operating Systems Review},
	author = {Lee, Edward K. and Thekkath, Chandramohan A.},
	year = {1996},
	pages = {84-92},
	file = {p84-lee.pdf:/Users/druzac/Library/Application Support/Zotero/Profiles/46hq1eus.default/zotero/storage/J26KUGVW/p84-lee.pdf:application/pdf}
},

@inproceedings{corbett_spanner:_2012,
	title = {Spanner: Google's globally-distributed database},
	volume = {1},
	shorttitle = {Spanner},
	url = {https://www.usenix.org/system/files/conference/osdi12/osdi12-final-16.pdf},
	urldate = {2013-10-21},
	booktitle = {Proceedings of {OSDI}},
	author = {Corbett, James C. and Dean, Jeffrey and Epstein, Michael and Fikes, Andrew and Frost, Christopher and Furman, J. J. and Ghemawat, Sanjay and Gubarev, Andrey and Heiser, Christopher and Hochschild, Peter},
	year = {2012},
	file = {spanner-osdi2012.pdf:/Users/druzac/Library/Application Support/Zotero/Profiles/46hq1eus.default/zotero/storage/9PKC2H98/spanner-osdi2012.pdf:application/pdf}
},

@inproceedings{calder_windows_2011,
	title = {Windows Azure Storage: a highly available cloud storage service with strong consistency},
	shorttitle = {Windows Azure Storage},
	url = {http://dl.acm.org/citation.cfm?id=2043571},
	urldate = {2013-10-21},
	booktitle = {Proceedings of the Twenty-Third {ACM} Symposium on Operating Systems Principles},
	author = {Calder, Brad and Wang, Ju and Ogus, Aaron and Nilakantan, Niranjan and Skjolsvold, Arild and {McKelvie}, Sam and Xu, Yikang and Srivastav, Shashwat and Wu, Jiesheng and Simitci, Huseyin},
	year = {2011},
	pages = {143-157},
	file = {Windows-Azure-Storage.pdf:/Users/druzac/Library/Application Support/Zotero/Profiles/46hq1eus.default/zotero/storage/KTXEDVZ9/Windows-Azure-Storage.pdf:application/pdf}
},

@article{dean2008mapreduce,
  title={MapReduce: simplified data processing on large clusters},
  author={Dean, Jeffrey and Ghemawat, Sanjay},
  journal={Communications of the ACM},
  volume={51},
  number={1},
  pages={107--113},
  year={2008},
  publisher={ACM}
},

@inproceedings{ghemawat_google_2003,
	title = {The Google file system},
	volume = {37},
	url = {http://dl.acm.org/citation.cfm?id=945450},
	urldate = {2013-10-18},
	booktitle = {{ACM} {SIGOPS} Operating Systems Review},
	author = {Ghemawat, Sanjay and Gobioff, Howard and Leung, Shun-Tak},
	year = {2003},
	pages = {29?43},
	file = {gfs-sosp2003.pdf:/Users/druzac/Library/Application Support/Zotero/Profiles/46hq1eus.default/zotero/storage/TDU9GTVJ/gfs-sosp2003.pdf:application/pdf}
}
